<?xml version="1.0" encoding="UTF-8"?><collection xmlns="http://www.loc.gov/MARC21/slim"><record><leader>00500nam--2200193-i-4500</leader><controlfield tag="001">000020301</controlfield><controlfield tag="002">20161230</controlfield><controlfield tag="005">20161230201033</controlfield><controlfield tag="008">060222s1000------------r-----000-0-rus-d</controlfield><datafield ind1=" " ind2=" " tag="040"><subfield code="a">IFIN-HH</subfield></datafield><datafield ind1=" " ind2=" " tag="041"><subfield code="a">rus</subfield></datafield><datafield ind1=" " ind2=" " tag="080"><subfield code="a">53:658.041</subfield></datafield><datafield ind1="1" ind2=" " tag="100"><subfield code="a">Naumcik, V.N</subfield></datafield><datafield ind1="1" ind2="0" tag="245"><subfield code="a">Nagliadnosti v demonstrationnom eksperimente po fizike</subfield><subfield code="c">V.n. naumcik, a.m. sarjevskii</subfield></datafield><datafield ind1=" " ind2=" " tag="260"><subfield code="a">Minsk</subfield><subfield code="b">Vgu</subfield><subfield code="c">1983</subfield></datafield><datafield ind1=" " ind2=" " tag="300"><subfield code="a">94P</subfield></datafield><datafield ind1="1" ind2=" " tag="700"><subfield code="a">Sarjevskii, A.M</subfield></datafield><datafield ind1=" " ind2=" " tag="852"><subfield code="a">70963</subfield><subfield code="c">53</subfield></datafield><datafield ind1=" " ind2=" " tag="CAT"><subfield code="a">Sys</subfield><subfield code="c">20150806</subfield><subfield code="h">151511</subfield></datafield></record></collection>